%!TEX TS-program = xelatex
%!TEX encoding = UTF-8 Unicode

% 第一篇文献由编辑部编辑修改
@Article{Current2024, 
	author 		=  {Yin-cai Tang},
	title 		=  {\TeX{} Template for APS\,},
	journal 	=  {Chinese J Appl Probab Statist},
	year 		=  {2024},
	volume 		=  {100},
	number 		=  {1},
	pages 		=  {1--10},
	keywords    =  {current}
}

% 后面的文献由作者修改，其中 keywords={cn} 保留

@Manual{Pakin2024,
	author 		= {Scott Pakin},
	title  		= {The Comprehensive {\LaTeX} Symbol List\,},
	organization= {},
	address		= {https://ctan.org/pkg/}, % comprehensive#/
	edition		= {},
	year		= {2005},
	month		= {},
	keywords    =  {cn}
}

@Manual{Gai2024,
	author 		= {Helin Gai},
	title  		= {The {\LaTeX} Mathematics Companion\,},
	organization= {},
	address		= {},
	edition		= {},
	year		= {2024},
	month		= {1},
	keywords    =  {cn}
}

@Manual{Voss2014,
	author 		= {Herbert Voss},
	title  		= {The Math Mode\,},
	organization= {},
	address		= {https://tug.ctan.org/obsolete/info/math/voss/},
	edition		= {},
	year		= {2014},
	month		= {1},
	keywords    =  {cn}
}


@BOOK{Gratzer2007, 
	author =    {George Gratzer},
	year =      {2007},
	title =     {More Math Into \LaTeX{} (4th Edition)\,},
	publisher = {Springer},
	address =   {New York},
	keywords    =  {cn}
}


@BOOK{Lip04, 
	author =    {李平},
	year =      {2004},
	title =     {\LaTeX{} 2$\varepsilon$及常用宏包使用指南\,},
	publisher = {清华大学出版社},
	address =   {北京},
	keywords =  {cn}
}

@BOOK{Sangdy01, 
	author =    {桑大勇 and 王瑛},
	year =      {2001},
	title =     {科技文献排版系统: \LaTeX 入门与提高\,},
	publisher = {武汉大学出版社},
	address =   {武汉},
	keywords =  {cn}
}

@BOOK{Chenzj02, 
	author =    {陈志杰 and 赵书钦 and 万福永},
	year =      {2002},
	title =     {\LaTeX{}入门与提高\,},
	publisher = {高等教育出版社},
	address =   {北京},
	keywords =  {cn}
}

@BOOK{Dengjs01, 
	author =    {邓建松 and 彭冉冉 and 陈长松},
	year =      {2001},
	title =     {\LaTeX{}2$\varepsilon$科技排版指南\,},
	publisher = {科学出版社},
	address =   {北京},
	keywords =  {cn}
}

@BOOK{Wuwei:2013,
	author	= {胡伟},
	title	= {{\LaTeX} 2e 完全学习手册(第二版)\,},
	publisher = {清华大学出版社},
	address = {北京},
	year	= {2013},
	month	= {1},
	keywords =  {cn}
}


@Article{Shell:2002, 
	author 		=  {Michael Shell},
	title 		=  {How to Use the {IEEEtran \LaTeX} Class\,},
	journal 	=  {Journal of {\LaTeX} Class Files},
	year 		=  {2002},
	month 		=  {11},
	volume 		=  {1},
	number 		=  {11},
	pages 		=  {398--409},
	keywords =  {cn}
}


@Article{zhouxu:2019, 
	author 		=  {Si-rong Zhou and An-cha Xu},
	title 		=  {Exponential dispersion process for degradation analysis\,},
	journal 	=  {IEEE Transaction on Reliability},
	year 		=  {2019},
	volume 		=  {68},
	number 		=  {2},
	pages 		=  {398--409},
	keywords =  {cn}
}



@PhdThesis{刘乃安2000,
	author  = {刘乃安},
	title   = {生物质材料热解失重动力学及其分析方法研究\,},
	year    = {2000},
	pages   = {17--18},
	address = {安徽},
	school  = {中国科学技术大学},
	keywords =  {cn}
}


@Mastersthesis{张志祥1998,
	Title                    = {间断动力系统的随机扰动及其在守恒律方程中的应用\,},
	Author                   = {张志祥},
	Date                     = {1998},
	Institution              = {北京大学数学学院},
	Location                 = {北京},
	keywords =  {cn}
}


@inbook{李约瑟1991,
	author     = {李约瑟},
	title      = {题词\,},
	bookauthor = {苏克福 and 管成学 and 邓明鲁},
	booktitle  = {苏颂与《本草图经》研究},
	year       = {1991},
	publisher  = {长春出版社},
	address    = {长春},
	pages      = {扉页},
	keywords =  {cn}
}

@Incollection{韩吉人1985,
	Title       = {论职工教育的特点\,},
	Author      = {韩吉人},
	Booktitle   = {职工教育研究论文集},
	Bookauthor  = {中国职工教育研究会},
	Date        = {1985},
	Publisher   = {人民教育出版社},
	Pages       = {90-99},
	Location    = {北京},
	keywords =  {cn}
}

@InProceedings{focus,
	author 		= {Michael Spenke and Christian Beilken and Thomas Berlage},
	title 		= {{FOCUS}: the interactive table for product comparison and selection\,},
	booktitle 	= {Proceedings of UIST 1996},
	month 		= {11},
	year 		= {1996},
	publisher 	= {ACM Press},
	editor 		= {David Kurlander and Marc Brown and Ramana Rao},
	pages 		= {41-50},
	keywords =  {cn}
}

@Manual{Dalu:1998,
	author 		= {Patrick W. Daly},
	title  		= {Graphics and Colour with {\LaTeX}\,},
	organization= {},
	address		= {http://tex.loria.fr/graph-pack/grf/grf.htm},
	edition		= {},
	year		= {1998},
	month		= {4},
	keywords =  {cn}
}

@BOOK{Mao2003, 
	author =    {茆诗松 and 王静龙 and 史定华 and 费鹤良 and 葛广平},
	year =      {2003},
	title =     {统计手册\,},
	publisher = {科学出版社},
	address =   {北京},
	keywords =  {cn}
}

@BOOK{Gelman2014, 
	author =    {Andrew Gelman and John B. Carlin and Hal S. Stern and David B. Dunson and Aki Vehtari and Donald B. Rubin},
	year =      {2014},
	title =     {Bayesian Data Analysis\,},
	publisher = {CRC Press},
	address =   {New York},
	keywords =  {cn}
}

