%!TEX TS-program = xelatex
%!TEX encoding = UTF-8 Unicode

% 第一篇文献由编辑部编辑修改
@Article{Current2024, 
	author 		=  {Yin-cai Tang},
	title 		=  {\TeX{} Template for APS\,},
	journal 	=  {Chinese J Appl Probab Statist},
	year 		=  {2024},
	volume 		=  {100},
	number 		=  {1},
	pages 		=  {1--10},
	keywords    =  {current}
}

% 后面的文献由作者修改，其中 keywords={en} 保留
@BOOK{Goossens2007, 
	author =    {Michel Goossens and Frank Mittelbach and Sebastian Rahtz and Denis Roegel and Herbert Voss},
	year =      {2007},
	title =     {\LaTeX{} Graphics Companion (2nd Edition)},
	publisher = {Addison-Wesley},
	address =   {Boston},
	keywords    =  {en}
}

@Manual{Pakin2024,
	author 		= {Scott Pakin},
	title  		= {The Comprehensive {\LaTeX} Symbol List},
	organization= {},
	address		= {https://ctan.org/pkg/},  
	edition		= {},
	year		= {2005},
	month		= {},
	keywords    =  {en}
}

@Manual{Gai2024,
	author 		= {Helin Gai},
	title  		= {The {\LaTeX} Mathematics Companion},
	organization= {},
	address		= {},
	edition		= {},
	year		= {2024},
	month		= {1},
	keywords    =  {en}
}

@Manual{Voss2014,
	author 		= {Herbert Voss},
	title  		= {The Math Mode},
	organization= {},
	address		= {https://tug.ctan.org/obsolete/info/math/voss/},
	edition		= {},
	year		= {2014},
	month		= {1},
	keywords    =  {en}
}


@BOOK{Gratzer2007, 
	author =    {George Gratzer},
	year =      {2007},
	title =     {More Math Into \LaTeX{} (4th Edition)},
	publisher = {Springer},
	address =   {New York},
	keywords    =  {en}
}

@Article{Shell:2002, 
	author 		=  {Michael Shell},
	title 		=  {How to Use the {IEEEtran \LaTeX} Class},
	journal 	=  {Journal of {\LaTeX} Class Files},
	year 		=  {2002},
	month 		=  {11},
	volume 		=  {1},
	number 		=  {11},
	pages 		=  {398--409},
	keywords    =  {en}
}


@Article{zhouxu:2019, 
	author 		=  {Sirong Zhou and Ancha Xu},
	fullauthor	=  {Sirong Zhou and Yincai Tang},
	title 		=  {Exponential dispersion process for degradation analysis},
	journal 	=  {IEEE Transaction on Reliability},
	year 		=  {2019},
	volume 		=  {68},
	number 		=  {2},
	pages 		=  {398--409},
	keywords    =  {en}
}



@InProceedings{focus,
	author 		= {Michael Spenke and Christian Beilken and Thomas Berlage},
	title 		= {{FOCUS}: the interactive table for product comparison and selection},
	booktitle 	= {Proceedings of UIST 1996},
	month 		= {11},
	year 		= {1996},
	publisher 	= {ACM Press},
	editor 		= {David Kurlander and Marc Brown and Ramana Rao},
	pages 		= {41-50},
	keywords    =  {en}
}

@Manual{Dalu:1998,
	author 		= {Patrick W. Daly},
	title  		= {Graphics and Colour with {\LaTeX}},
	organization= {},
	address		= {http://tex.loria.fr/graph-pack/grf/grf.htm},
	edition		= {},
	year		= {1998},
	month		= {4},
	keywords    =  {en}
}


@BOOK{Gelman2014, 
	author =    {Andrew Gelman and John B. Carlin and Hal S. Stern and David B. Dunson and Aki Vehtari and Donald B. Rubin},
	year =      {2014},
	title =     {Bayesian Data Analysis},
	publisher = {CRC Press},
	address =   {New York},
	keywords    =  {en}
}

